@inproceedings{Wobbrock,
 author = {Wobbrock, Jacob O. and Morris, Meredith Ringel and Wilson, Andrew D.},
 title = {User-defined gestures for surface computing},
 booktitle = {Proceedings of the SIGCHI Conference on Human Factors in Computing Systems},
 series = {CHI '09},
 year = {2009},
 isbn = {978-1-60558-246-7},
 location = {Boston, MA, USA},
 pages = {1083--1092},
 numpages = {10},
 url = {http://doi.acm.org/10.1145/1518701.1518866},
 doi = {10.1145/1518701.1518866},
 acmid = {1518866},
 publisher = {ACM},
 address = {New York, NY, USA},
 keywords = {gesture recognition, gestures, guessability, referents, signs, surface, tabletop, think-aloud},
} 